@inproceedings{han2013approximate,
  title={Approximate computing: An emerging paradigm for energy-efficient design},
  author={Han, Jie and Orshansky, Michael},
  booktitle={Test Symposium (ETS), 2013 18th IEEE European},
  pages={1--6},
  year={2013},
  organization={IEEE}
}

@article{ShanApprox,
  title={Error Resilient and Energy Efficient MRF Message-Passing-Based Stereo Matching},
  author={Kim, Eric P and Choi, Jungwook and Shanbhag, Naresh R and Rutenbar, Rob A},
  publisher={IEEE}
}

@article{gurun2012analog,
  title={An analog integrated circuit beamformer for high-frequency medical ultrasound imaging},
  author={Gurun, Gokce and Zahorian, Jaime S and Sisman, Alper and Karaman, Mustafa and Hasler, Paul E and Degertekin, F Levent},
  journal={Biomedical Circuits and Systems, IEEE Transactions on},
  volume={6},
  number={5},
  pages={454--467},
  year={2012},
  publisher={IEEE}
}

@inproceedings{feldkamper2000low,
  title={Low power delay calculation for digital beamforming in handheld ultrasound systems},
  author={Feldk{\"a}mper, HT and Schwann, R and Gierenz, V and Noll, TG},
  booktitle={Ultrasonics Symposium, 2000 IEEE},
  volume={2},
  pages={1763--1766},
  year={2000},
  organization={IEEE}
}

@article{Wagner,
  title={Compressed beamforming in ultrasound imaging},
  author={Wagner, Noam and Eldar, Yonina C and Friedman, Zvi},
  journal={Signal Processing, IEEE Transactions on},
  volume={60},
  number={9},
  pages={4643--4657},
  year={2012},
  publisher={IEEE}
}

@misc{Szabo,
  title={Diagnostic Ultrasound Imaging: Inside Out},
  author={Szabo, T. L.},
  year={2004},
  publisher={Elsevier Academic Press: Hartford, Connecticut}
}


@article{ultrasoundLinearArray,
  title={Development of a real-time, high-frequency ultrasound digital beamformer for high-frequency linear array transducers},
  author={Hu, Chang-Hong and Xu, Xiao-Chen and Cannata, Jonathan M and Yen, Jesse T and Shung, K Kirk},
  journal={Ultrasonics, Ferroelectrics, and Frequency Control, IEEE Transactions on},
  volume={53},
  number={2},
  pages={317--323},
  year={2006},
  publisher={IEEE}
}

@article{holmUltrasoundImaging,
  title={Digital beamforming in ultrasound imaging},
  author={Holm, Sverre},
  year={1994}
}

@article{mucci1984comparison,
  title={A comparison of efficient beamforming algorithms},
  author={Mucci, Ronald A},
  journal={Acoustics, Speech and Signal Processing, IEEE Transactions on},
  volume={32},
  number={3},
  pages={548--558},
  year={1984},
  publisher={IEEE}
}

@inproceedings{2dCMUT,
  title={24.8 An analog-digital-hybrid single-chip RX beamformer with non-uniform sampling for 2D-CMUT ultrasound imaging to achieve wide dynamic range of delay and small chip area},
  author={Um, Ji-Yong and Song, Eun-Woo and Kim, Yoon-Jee and Cho, Seong-Eun and Chae, Min-Kyun and Song, Jongkeun and Kim, Baehyung and Lee, Seunghun and Bang, Jihoon and Kim, Youngil and others},
  booktitle={Solid-State Circuits Conference Digest of Technical Papers (ISSCC), 2014 IEEE International},
  pages={426--427},
  year={2014},
  organization={IEEE}
}

@misc{mobileUltrasound,
  title = {With \$100 Million, Entrepreneur Sees Path to Disrupt Medical Imaging},
  howpublished = {https://www.technologyreview.com/s/532166/with-100-million-entrepreneur-sees-path-to-disrupt-medical-imaging/}
}

@article{wagner2012compressed,
  title={Compressed beamforming in ultrasound imaging},
  author={Wagner, Noam and Eldar, Yonina C and Friedman, Zvi},
  journal={Signal Processing, IEEE Transactions on},
  volume={60},
  number={9},
  pages={4643--4657},
  year={2012},
  publisher={IEEE}
}

@article{amirtharajah2004micropower,
  title={A micropower programmable DSP using approximate signal processing based on distributed arithmetic},
  author={Amirtharajah, Rajeevan and Chandrakasan, Anantha P},
  journal={Solid-State Circuits, IEEE Journal of},
  volume={39},
  number={2},
  pages={337--347},
  year={2004},
  publisher={IEEE}
}

@inproceedings{venkatesan2011macaco,
  title={MACACO: Modeling and analysis of circuits for approximate computing},
  author={Venkatesan, Rangharajan and Agarwal, Amit and Roy, Kaushik and Raghunathan, Anand},
  booktitle={Proceedings of the International Conference on Computer-Aided Design},
  pages={667--673},
  year={2011},
  organization={IEEE Press}
}

@inproceedings{yang2013approximate,
  title={Approximate XOR/XNOR-based adders for inexact computing},
  author={Yang, Zhixi and Jain, Abhishek and Liang, Jinghang and Han, Jie and Lombardi, Floriana},
  booktitle={Nanotechnology (IEEE-NANO), 2013 13th IEEE Conference on},
  pages={690--693},
  year={2013},
  organization={IEEE}
}

@article{synnevag2007adaptive,
  title={Adaptive beamforming applied to medical ultrasound imaging},
  author={Synnevag, J and Austeng, Andreas and Holm, Sverre},
  journal={IEEE Transactions on Ultrasonics Ferroelectrics and Frequency Control},
  volume={54},
  number={8},
  pages={1606},
  year={2007},
  publisher={IEEE INSTITUTE OF ELECTRICAL AND ELECTRONICS}
}