@article{ShanApprox,
  title={Error Resilient and Energy Efficient MRF Message-Passing-Based Stereo Matching},
  author={Kim, Eric P and Choi, Jungwook and Shanbhag, Naresh R and Rutenbar, Rob A},
  publisher={IEEE}
}

@article{ultrasoundLinearArray,
  title={Development of a real-time, high-frequency ultrasound digital beamformer for high-frequency linear array transducers},
  author={Hu, Chang-Hong and Xu, Xiao-Chen and Cannata, Jonathan M and Yen, Jesse T and Shung, K Kirk},
  journal={Ultrasonics, Ferroelectrics, and Frequency Control, IEEE Transactions on},
  volume={53},
  number={2},
  pages={317--323},
  year={2006},
  publisher={IEEE}
}

@article{holmUltrasoundImaging,
  title={Digital beamforming in ultrasound imaging},
  author={Holm, Sverre},
  year={1994}
}

@article{mucci1984comparison,
  title={A comparison of efficient beamforming algorithms},
  author={Mucci, Ronald A},
  journal={Acoustics, Speech and Signal Processing, IEEE Transactions on},
  volume={32},
  number={3},
  pages={548--558},
  year={1984},
  publisher={IEEE}
}

@inproceedings{2dCMUT,
  title={24.8 An analog-digital-hybrid single-chip RX beamformer with non-uniform sampling for 2D-CMUT ultrasound imaging to achieve wide dynamic range of delay and small chip area},
  author={Um, Ji-Yong and Song, Eun-Woo and Kim, Yoon-Jee and Cho, Seong-Eun and Chae, Min-Kyun and Song, Jongkeun and Kim, Baehyung and Lee, Seunghun and Bang, Jihoon and Kim, Youngil and others},
  booktitle={Solid-State Circuits Conference Digest of Technical Papers (ISSCC), 2014 IEEE International},
  pages={426--427},
  year={2014},
  organization={IEEE}
}

@inproceedings{han2013approximate,
  title={Approximate computing: An emerging paradigm for energy-efficient design},
  author={Han, Jie and Orshansky, Michael},
  booktitle={Test Symposium (ETS), 2013 18th IEEE European},
  pages={1--6},
  year={2013},
  organization={IEEE}
}

@misc{mobileUltrasound,
  title = {With \$100 Million, Entrepreneur Sees Path to Disrupt Medical Imaging},
  howpublished = {https://www.technologyreview.com/s/532166/with-100-million-entrepreneur-sees-path-to-disrupt-medical-imaging/}
}

@article{wagner2012compressed,
  title={Compressed beamforming in ultrasound imaging},
  author={Wagner, Noam and Eldar, Yonina C and Friedman, Zvi},
  journal={Signal Processing, IEEE Transactions on},
  volume={60},
  number={9},
  pages={4643--4657},
  year={2012},
  publisher={IEEE}
}